@MISC{bib1,
       author={F. BONNEFOI},
       title={Model-Based Engineering },
       howpublished={Polycopié IPSA},
       year={2015},
       note={}},

@MANUAL{bib2,
       title={Interfacing the 3-V MSP430 to 5-V Circuits},
       organization={Texas Instrument},
       year={2002},
       note={Guide de conversion 3.3V <=> 5V}},

@MISC{bib3,
       author={},
       title={Line tracking sensors and algorithms},
       howpublished={{\url{https://www.ikalogic.com/line-tracking-sensors-and-algorithms/}}},
       booktitle={IKA logic},
       year={2008},
       note={}},

@PHDTHESIS{bib4,
       author={N. EL JAYIDI, M. BENKIRANE},
       title={$\mu$Robot : Le robot suiveur de ligne},
       school={},
       year={},
       note={}},

@ARTICLE{bib5,
       author={Eric Nunès},
       title={Bientôt, des voitures "intelligentes"},
       journal={Le Monde},
       year={2003},
       note={{\url{http://www.lemonde.fr/societe/article/2003/10/28/bientot-des-voitures-intelligentes_339891_3224.html}}}},

@MISC{bib6,
       author={},
       title={BeagleBone Green Wireless Wiki},
       howpublished={{\url{http://www.seeedstudio.com/wiki/Beaglebone_green_wireless}}},
       booktitle={SeedStudio},
       year={2016},
       note={}},

@MANUAL{bib7,
       title={TCRT5000},
       organization={Vishay Semiconductors},
       year={2009},
       note={\url{http://www.vishay.com/docs/83760/tcrt5000.pdf}}},

@MANUAL{bib8,
       title={HP 294},
       organization={Pololu},
       year={2016},
       note={\url{https://www.pololu.com/product/994}}},

@MANUAL{bib9,
       title={Encoder 1217},
       organization={Pololu},
       year={2016},
       note={\url{https://www.pololu.com/product/1217}}},

@MANUAL{bib10,
       title={HC-SR04},
       organization={ElecFreaks},
       year={2013},
       note={\url{http://www.micropik.com/PDF/HCSR04.pdf}}},

@BOOK{bib11,
       author={ P. SCHERZ, S. MONK},
       title={Practical Electronics for Inventors},
       publisher={McGraw-Hill Education TAB},
       year={2016},
       note={}},

@MANUAL{bib12,
       title={eQEP},
       organization={Texas Instrument},
       year={2006},
       note={\url{http://www.ti.com/lit/an/spraah1/spraah1.pdf}}},

@MISC{bib13,
       author={T. DICOLA},
       title={Embedded Linux Board Comparison - Power Usage},
       howpublished={{\url{https://learn.adafruit.com/embedded-linux-board-comparison/power-usage}}},
       booktitle={Adafruit Learn},
       year={2015},
       note={}},

@MISC{bib14,
       author={J. COOPER},
       title={Setting up IO Python Library on BeagleBone Black},
       howpublished={{\url{https://learn.adafruit.com/setting-up-io-python-library-on-beaglebone-black/gpio}}},
       booktitle={Adafruit Learn},
       year={2015},
       note={}},

@MISC{bib15,
       author={J. COOPER},
       title={Adafruit Beaglebone IO Python - README},
       howpublished={\url{https://github.com/adafruit/adafruit-beaglebone-io-python}},
       year={2016},
       note={}},

@MISC{bib16,
       author={D. MOLLOY},
       title={Chapter 6: Interfacing to the BeagleBone Input/Outputs Chapter 6: Interfacing to the BeagleBone Input/Outputs},
       howpublished={{\url{http://exploringbeaglebone.com/chapter6/#The_BealeBone_GPIOs_8211_Using_Device_Tree_Overlays}}},
       booktitle={Exploring BeagleBone},
       year={2015},
       note={}},

@MANUAL{bib17,
       title={L293D},
       organization={Texas Instrument},
       year={2016},
       note={\url{http://www.ti.com/lit/ds/symlink/l293.pdf}}},

@MISC{bib18,
       author={Fergus},
       title={Popular Logitech Webcam FOVs},
       howpublished={{\url{http://fer.gy/2012/05/11/popular-logitech-webcam-fovs/}}},
       booktitle={www.fer.gy},
       year={2012},
       note={}},

@MISC{bib19,
       author={},
       title={interrupteur ILS 1 T},
       howpublished={{\url{http://www.gotronic.fr/art-interrupteur-ils-1-t-19990.htm}}},
       booktitle={Go Tronic},
       year={},
       note={}},

@MISC{bib20,
       author={},
       title={OpenCV User Guide},
       howpublished={{\url{http://docs.opencv.org/2.4/doc/user_guide/user_guide.html}}},
       booktitle={Documentation OpenCV},
       year={},
       note={}},

@MANUAL{bib21,
       title={LM7805},
       organization={Fairchild},
       year={2014},
       note={}},

@MANUAL{bib22,
       title={Basys 2™ FPGA Board Reference Manual},
       organization={DIGILENT},
       year={2016},
       note={}},

@MANUAL{bib23,
       title={Digilent Pmod™ Interface Specification},
       organization={DIGILENT},
       year={2011},
       note={\url{https://www.digilentinc.com/Pmods/Digilent-Pmod_%20Interface_Specification.pdf}}},

@MANUAL{bib24,
       title={74HC - 74HCT},
       organization={NXP},
       year={2014},
       note={\url{https://www.nxp.com/documents/data_sheet/74HC_HCT04.pdf}}},


@MISC{bib25,
       author={},
       title={Step-Down Voltage Regulators},
       howpublished={{\url{https://www.pololu.com/category/131/step-down-voltage-regulators}}},
       booktitle={Pololu},
       year={},
       note={}},

